@misc{wiki:Średnia_ruchoma,
   author = "Wikipedia",
   title = "{Średnia ruchoma} --- {W}ikipedia{,} Wolna Encyklopedia",
   year = "2025",
   howpublished = {\url{http://pl.wikipedia.org/w/index.php?title=\%C5\%9Arednia\%20ruchoma&oldid=76151743}},
   note = "[Online; dostęp 15 Marca 2025]"
 }

@misc{wiki:MACD,
   author = "Wikipedia",
   title = "{MACD} --- {W}ikipedia{,} Wolna Encyklopedia",
   year = "2025",
   howpublished = {\url{http://pl.wikipedia.org/w/index.php?title=MACD&oldid=70272611}},
   note = "[Online; dostęp 15 Marca 2025]"
 }

@misc{data:btc,
  author = {Investing.com},
  title = {BTC/USD Price},
  year = 2025,
  howpublished = {\url{https://www.investing.com/currencies/btc-usd}},
   note = "[Online; dostęp 17 Marca 2025]"
}

@misc{wiki:hold,
    author = "Wikipedia",
   title = "{Buy and hold} --- {W}ikipedia{,} the Free Encyclopedia",
   year = "2025",
   howpublished = {\url{https://en.wikipedia.org/wiki/Buy_and_hold}},
   note = "[Online; dostęp 17 Marca 2025]"
}
@misc{investopedia:rsi,
    author = "Jason Fernando",
   title = "Relative Strength Index (RSI) Indicator Explained With Formula",
   year = "2024",
   howpublished = {\url{https://www.investopedia.com/terms/r/rsi.asp}},
   note = "[Online; dostęp 16 Marca 2025]"
}